<record><leader>00000cas a22000007a 4500</leader><controlfield tag="001">12619178</controlfield><controlfield tag="008">850930d193919uualuwr ne      0    0eng d</controlfield><datafield ind1=" " ind2=" " tag="010"><subfield code="a">sn 85044979 </subfield></datafield><datafield ind1=" " ind2=" " tag="040"><subfield code="a">CPN</subfield><subfield code="b">eng</subfield><subfield code="c">CPN</subfield><subfield code="d">OCLCQ</subfield></datafield><datafield ind1=" " ind2=" " tag="042"><subfield code="a">msc</subfield></datafield><datafield ind1="0" ind2="0" tag="245"><subfield code="a">Standard &amp; times.</subfield></datafield><datafield ind1="3" ind2="0" tag="246"><subfield code="a">Standard and times</subfield></datafield><datafield ind1=" " ind2=" " tag="260"><subfield code="a">Sheffield, Ala. :</subfield><subfield code="b">M.S. Hansbrough,</subfield><subfield code="c">1939-</subfield></datafield><datafield ind1=" " ind2=" " tag="300"><subfield code="a">v. :</subfield><subfield code="b">ill. ;</subfield><subfield code="c">36-54 cm.</subfield></datafield><datafield ind1=" " ind2=" " tag="310"><subfield code="a">Weekly</subfield></datafield><datafield ind1="0" ind2=" " tag="362"><subfield code="a">Vol. 110, no. 29 (June 2, 1939)-</subfield></datafield><datafield ind1=" " ind2=" " tag="500"><subfield code="a">"Sheffield" and "Tuscumbia" above the title, June 2-16, 1939.</subfield></datafield><datafield ind1=" " ind2=" " tag="752"><subfield code="a">United States</subfield><subfield code="b">Alabama</subfield><subfield code="c">Colbert</subfield><subfield code="d">Sheffield.</subfield></datafield><datafield ind1="0" ind2="4" tag="780"><subfield code="t">Sheffield standard</subfield><subfield code="w">(DLC)sn 85044978</subfield></datafield><datafield ind1="0" ind2="4" tag="780"><subfield code="t">Tuscumbia times</subfield><subfield code="w">(DLC)sn 85044977</subfield></datafield><datafield ind1="0" ind2="1" tag="785"><subfield code="t">Standard and times Lauderdale county news</subfield><subfield code="w">(DLC)sn 90099003</subfield></datafield></record>